% Encoding: UTF-8
%@article{rubina2012multiplex,
%  title={Multiplex assay of allergen-specific and total immunoglobulins of E and G classes in the biochip format},
%  author={Rubina, A Yu and Feizkhanova, G U and Filippova, M A and Talibov, V O and Fooke-Achterrath, M and Zasedatelev, A S},
%  journal={Dokl. Biochem. Biophys.},
%  volume={447},
%  number={1},
%  pages={289},
%  year={2012},
%  organization={Springer Science \& Business Media}
%}

@Article{feyzkhanova2014development,
  author    = {Feyzkhanova, G U and Filippova, M A and Talibov, V O and Dementieva, E I and Maslennikov, V V and Reznikov, Yu P and Offermann, N and Zasedatelev, A S and Rubina, A Yu and Fooke-Achterrath, M},
  journal   = {J. Immunol. Methods},
  title     = {Development of hydrogel biochip for in vitro allergy diagnostics},
  year      = {2014},
  pages     = {51--57},
  volume    = {406},
  publisher = {Elsevier},
}

@Article{koos2015proximity,
  author    = {Koos, Bj{\"o}rn and Cane, Ga{\"e}lle and Grannas, Karin and L{\"o}f, Liza and Arng{\aa}rden, Linda and Heldin, Johan and Clausson, Carl-Magnus and Klaesson, Axel and Hirvonen, M Karoliina and De Oliveira, Felipe MS and others},
  journal   = {Nat. Commun.},
  title     = {Proximity-dependent initiation of hybridization chain reaction},
  year      = {2015},
  pages     = {7294},
  volume    = {6},
  publisher = {Nature Publishing Group},
}

@Article{butvilovskaya2015preparation,
  author    = {Butvilovskaya, V I and Tsybulskaya, M V and Tikhonov, A A and Talibov, V O and Belousov, P V and Sazykin, A Yu and Schwartz, A M and Surzhikov, S A and Stomakhin, A A and Solopova, O N and others},
  journal   = {Mol. Biol.},
  title     = {Preparation of recombinant serpins B3 and B4 and investigation of their specific interactions with antibodies using hydrogel-based microarrays},
  year      = {2015},
  pages     = {705--713},
  number    = {5},
  volume    = {49},
  publisher = {Pleiades Publishing},
}

@Article{talibov2016kinetically,
  author    = {Talibov, Vladimir O and LinkuvieneÌ‡, Vaida and Matulis, Daumantas and Danielson, U Helena},
  journal   = {J. Med. Chem.},
  title     = {Kinetically selective inhibitors of human carbonic anhydrase isozymes I, II, VII, IX, XII, and XIII},
  year      = {2016},
  pages     = {2083--2093},
  number    = {5},
  volume    = {59},
  publisher = {American Chemical Society},
}

@Article{seeger2017biophysical,
  author  = {Seeger, Christian and Talibov, Vladimir O and Danielson, U Helena},
  journal = {J. Mol. Recognit.},
  title   = {Biophysical analysis of the dynamics of calmodulin interactions with neurogranin and Ca2+/calmodulin-dependent kinase II},
  year    = {2017},
  pages   = {e2621},
  number  = {8},
  volume  = {30},
}

@Article{linkuviene2018introduction,
  author    = {Linkuviene\textsuperscript{*}, Vaida and Talibov\textsuperscript{*}, Vladimir O and Danielson, U Helena and Matulis, Daumantas},
  journal   = {J. Med. Chem.},
  title     = {Introduction of intrinsic kinetics of protein--ligand interactions and their implications for drug design},
  year      = {2018},
  pages     = {2292--2302},
  number    = {6},
  volume    = {61},
  publisher = {American Chemical Society},
}

@incollection{talibov2019kinetic,
  title={Kinetic Analysis of Carbonic Anhydrase--Sulfonamide Inhibitor Interactions},
  author={Talibov, Vladimir O and Linkuvien{\.e}, Vaida and Danielson, U Helena and Matulis, Daumantas},
  booktitle={Carbonic Anhydrase as Drug Target},
  pages={125--140},
  year={2019},
  publisher={Springer, Cham}
}

@Article{fabini2019unveiling,
  author    = {Fabini\textsuperscript{*}, Edoardo and Talibov\textsuperscript{*}, Vladimir O and Mihalic, Filip and Naldi, Marina and Bartolini, Manuela and Bertucci, Carlo and Del Rio, Alberto and Danielson, U Helena},
  journal   = {Biochemistry},
  title     = {Unveiling the biochemistry of the epigenetic regulator SMYD3},
  year      = {2019},
  pages     = {3634--3645},
  number    = {35},
  volume    = {58},
  publisher = {American Chemical Society},
}

@article{ursby2020biomax,
  title={BioMAX--the first macromolecular crystallography beamline at MAX IV Laboratory},
  author={Ursby, Thomas and {\AA}hnberg, Karl and Appio, Roberto and Aurelius, Oskar and Barczyk, Artur and Bartalesi, Antonio and Bjel{\v{c}}i{\'c}, Monika and Bolmsten, Fredrik and Cerenius, Yngve and Doak, R Bruce and others},
  journal={J. Synchrotron Radiat.},
  volume={27},
  number={5},
  year={2020},
  publisher={International Union of Crystallography}
}

@article{yang2020macrocyclic,
  title     = {Macrocyclic Peptides Uncover a Novel Binding Mode for Reversible Inhibitors of LSD1},
  author    = {Yang\textsuperscript{*}, Jie and Talibov\textsuperscript{*}, Vladimir O and Peintner, Stefan and Rhee, Claire and Poongavanam, Vasanthanathan and Geitmann, Matthis and Sebastiano, Matteo Rossi and Simon, Bernd and Hennig, Janosch and Dobritzsch, Doreen and Danielson, U. Helena and Kihlberg, Jan},
  journal   = {ACS Omega},
  year      = {2020},
  pages     = {3979--3995},
  number    = {5},
  volume    = {8},
  publisher = {ACS Publications},
}

@article{lima2020fragmax,
  title={FragMAX: the fragment-screening platform at the MAX IV Laboratory},
  author={Lima, Gustavo MA and Talibov, Vladimir O and Jagudin, Elmir and Sele, C{\'e}leste and Nyblom, Maria and Knecht, Wolfgang and Logan, Derek T and Sj{\"o}gren, Tove and Mueller, Uwe},
  journal={Acta Crystallogr., Sect. D: Struct. Biol.},
  volume={76},
  number={8},
  pages={771--777},
  year={2020},
  publisher={International Union of Crystallography}
}

@article{rogstam2020crystal,
  title={Crystal Structure of Non-Structural Protein 10 from Severe Acute Respiratory Syndrome Coronavirus-2},
  author={Rogstam, Annika and Nyblom, Maria and Christensen, Signe and Sele, Celeste and Talibov, Vladimir O and Lindvall, Therese and Rasmussen, Anna A and Andre, Ingemar and Fisher, Zoe and Knecht, Wolfgang and Kozielski, Frank},
  journal={Int. J. Mol. Sci.},
  volume={2020},
  number={21},
  volume={19},
  pages={7375},
  year={2020}
}
@Comment{jabref-meta: databaseType:bibtex;}

@article{talibov2020discovery,
  title={Discovery of an allosteric ligand binding site in SMYD3 lysine methyltransferase},
  author={Talibov{*}, Vladimir O and Fabini{*}, Edoardo and FitzGerald, Edward and Tedesco, Daniele and Eriksson, Daniela and Talu, Martin J and Rachman, Moira M and Mihalic, Filip and Manoni, Elisabetta and Naldi, Marina and others},
  journal={ChemBioChem},
  publisher={Wiley Online Library},
  year={2021},
  volume={22}
}
